<record><leader>00000cas a22000007a 4500</leader><controlfield tag="001">9237851</controlfield><controlfield tag="008">830218d19021938okuwr ne      0    0eng d</controlfield><datafield ind1=" " ind2=" " tag="010"><subfield code="a">sn 83025057 </subfield></datafield><datafield ind1=" " ind2=" " tag="040"><subfield code="a">WIH</subfield><subfield code="b">eng</subfield><subfield code="c">WIH</subfield><subfield code="d">NPV</subfield><subfield code="d">NPT</subfield><subfield code="d">ANU</subfield><subfield code="d">OBN</subfield><subfield code="d">OCLCQ</subfield><subfield code="d">OCLCF</subfield><subfield code="d">OCLCO</subfield></datafield><datafield ind1="1" ind2=" " tag="029"><subfield code="a">AU@</subfield><subfield code="b">000025806696</subfield></datafield><datafield ind1=" " ind2=" " tag="042"><subfield code="a">msc</subfield></datafield><datafield ind1=" " ind2=" " tag="043"><subfield code="a">n-us-ok</subfield></datafield><datafield ind1=" " ind2=" " tag="045"><subfield code="a">w9x-</subfield></datafield><datafield ind1=" " ind2=" " tag="052"><subfield code="a">4023</subfield><subfield code="b">L6</subfield></datafield><datafield ind1="0" ind2="0" tag="245"><subfield code="a">Oklahoma state register.</subfield></datafield><datafield ind1=" " ind2=" " tag="260"><subfield code="a">Guthrie, Okla. :</subfield><subfield code="b">Harper S. Cunningham, John Golobie</subfield></datafield><datafield ind1=" " ind2=" " tag="300"><subfield code="a">v.</subfield></datafield><datafield ind1=" " ind2=" " tag="310"><subfield code="a">Semiweekly,</subfield><subfield code="b">May 2, 1937-Jan. 27, 1938</subfield></datafield><datafield ind1=" " ind2=" " tag="321"><subfield code="a">Weekly,</subfield><subfield code="b">Nov. 20, 1902-Apr. 29, 1937</subfield></datafield><datafield ind1="0" ind2=" " tag="362"><subfield code="a">Vol. 11, no. 49 (Nov. 20, 1902)-v. 46, no. 83 (Jan. 27, 1938).</subfield></datafield><datafield ind1=" " ind2="0" tag="651"><subfield code="a">Guthrie (Okla.)</subfield><subfield code="v">Newspapers.</subfield></datafield><datafield ind1=" " ind2="0" tag="651"><subfield code="a">Logan County (Okla.)</subfield><subfield code="v">Newspapers.</subfield></datafield><datafield ind1=" " ind2="7" tag="655"><subfield code="a">Newspapers.</subfield><subfield code="2">fast</subfield><subfield code="0">(OCoLC)fst01423814</subfield></datafield><datafield ind1=" " ind2="7" tag="651"><subfield code="a">Oklahoma</subfield><subfield code="z">Guthrie.</subfield><subfield code="2">fast</subfield><subfield code="0">(OCoLC)fst01220328</subfield></datafield><datafield ind1=" " ind2="7" tag="651"><subfield code="a">Oklahoma</subfield><subfield code="z">Logan County.</subfield><subfield code="2">fast</subfield><subfield code="0">(OCoLC)fst01205715</subfield></datafield><datafield ind1="0" ind2="0" tag="780"><subfield code="a">State register (Guthrie, Okla.)</subfield><subfield code="w">(DLC)sn 97064946</subfield><subfield code="w">(OCoLC)37138059</subfield></datafield><datafield ind1="0" ind2="5" tag="780"><subfield code="t">Southwest world</subfield><subfield code="w">(DLC)sn 97064947</subfield><subfield code="w">(OCoLC)37138091</subfield></datafield><datafield ind1="0" ind2="7" tag="785"><subfield code="t">Guthrie news</subfield></datafield><datafield ind1="0" ind2="7" tag="785"><subfield code="t">Guthrie register-news (Guthrie, Okla. : 1938)</subfield><subfield code="w">(DLC)sn 97064949</subfield><subfield code="w">(OCoLC)37138550</subfield></datafield></record>